@article{lisiecki2005pliocene,
  title={A Pliocene-Pleistocene stack of 57 globally distributed benthic $\delta$18O records},
  author={Lisiecki, Lorraine E and Raymo, Maureen E},
  journal={Paleoceanography},
  volume={20},
  number={1},
  year={2005},
  publisher={Wiley Online Library}
}
@book{dijkstra2013,
  Author = {Henk A. Dijkstra},
  Title = {Nonlinear Climate Dynamics},
  Publisher = {Cambridge University Press},
  Year = {2013},
  ISBN = {0521879175},
}
@article{paillard1998timing,
  title={The timing of Pleistocene glaciations from a simple multiple-state climate model},
  author={Paillard, Didier},
  journal={Nature},
  volume={391},
  number={6665},
  pages={378--381},
  year={1998},
  publisher={Nature Publishing Group}
}
@article{laskar2004long,
  title={A long-term numerical solution for the insolation quantities of the Earth},
  author={Laskar, Jacques and Robutel, Philippe and Joutel, Fr{\'e}d{\'e}ric and Gastineau, Mickael and Correia, ACM and Levrard, Benjamin and others},
  journal={Astronomy \& Astrophysics},
  volume={428},
  number={1},
  pages={261--285},
  year={2004}
}
@article{berger1981long,
  title={Long-term variations of monthly insolation as related to climatic changes},
  author={Berger, A and Guiot, J and Kukla, G and Pestiaux, P},
  journal={Geologische Rundschau},
  volume={70},
  number={2},
  pages={748--758},
  year={1981},
  publisher={Springer}
}
@article{d18,
  title={Astronomic timescale for the Pliocene Atlantic $\delta$18O and dust flux records of Ocean Drilling Program Site 659},
  author={Tiedemann, Ralf and Sarnthein, Michael and Shackleton, Nicholas J},
  journal={Paleoceanography},
  volume={9},
  number={4},
  pages={619--638},
  year={1994},
  publisher={Wiley Online Library}
}
@article{suttorp,
  title={Efficient covariance matrix update for variable metric evolution strategies},
  author={Suttorp, Thorsten and Hansen, Nikolaus and Igel, Christian},
  journal={Machine Learning},
  volume={75},
  number={2},
  pages={167--197},
  year={2009},
  publisher={Springer}
}




